<?xml version="1.0" encoding="UTF-8"?><collection xmlns="http://www.loc.gov/MARC21/slim"><record><leader>00460nam--2200181-i-4500</leader><controlfield tag="001">000019096</controlfield><controlfield tag="002">20161230</controlfield><controlfield tag="005">20161230201033</controlfield><controlfield tag="008">060222s1000------------r-----000-0-rus-d</controlfield><datafield ind1=" " ind2=" " tag="040"><subfield code="a">IFIN-HH</subfield></datafield><datafield ind1=" " ind2=" " tag="041"><subfield code="a">rus</subfield></datafield><datafield ind1=" " ind2=" " tag="080"><subfield code="a">621.391.14</subfield></datafield><datafield ind1="1" ind2=" " tag="100"><subfield code="a">Omelcenko, V.A</subfield></datafield><datafield ind1="1" ind2="0" tag="245"><subfield code="a">Osnovi spektralnoi teorii ranoznavania signalov</subfield><subfield code="c">V.a. omelcenko</subfield></datafield><datafield ind1=" " ind2=" " tag="260"><subfield code="a">Harkov</subfield><subfield code="b">Visa Skola</subfield><subfield code="c">1983</subfield></datafield><datafield ind1=" " ind2=" " tag="300"><subfield code="a">159P</subfield></datafield><datafield ind1=" " ind2=" " tag="852"><subfield code="a">72191</subfield><subfield code="c">538.4</subfield></datafield><datafield ind1=" " ind2=" " tag="CAT"><subfield code="a">Sys</subfield><subfield code="c">20110920</subfield><subfield code="h">132843</subfield></datafield></record></collection>